<?xml version="1.0" encoding="UTF-8"?><collection xmlns="http://www.loc.gov/MARC21/slim"><record><leader>00336nam--2200133-i-4500</leader><controlfield tag="001">000032700</controlfield><controlfield tag="002">20161230</controlfield><controlfield tag="005">20161230201039</controlfield><controlfield tag="008">060222s1000------------r-----000-0-eng-d</controlfield><datafield ind1=" " ind2=" " tag="080"><subfield code="a">517.3</subfield></datafield><datafield ind1=" " ind2=" " tag="100"><subfield code="a">Luzin, N.N</subfield></datafield><datafield ind1=" " ind2=" " tag="245"><subfield code="a">Calculul integral. ed.2-a. trad.din l.rusa</subfield></datafield><datafield ind1=" " ind2=" " tag="260"><subfield code="a">Bucuresti, Ed.Tehnica, 1955, 430p.+ Erata</subfield></datafield><datafield ind1=" " ind2=" " tag="852"><subfield code="a">3798</subfield></datafield></record></collection>